<record><leader>00000cas a22000007a 4500</leader><controlfield tag="001">11560974</controlfield><controlfield tag="008">850109c18709999ncuwr ne      0    0eng  </controlfield><datafield ind1=" " ind2=" " tag="010"><subfield code="a">sn 84020791 </subfield></datafield><datafield ind1=" " ind2=" " tag="040"><subfield code="a">DLC</subfield><subfield code="b">eng</subfield><subfield code="c">DLC</subfield><subfield code="d">NVJ</subfield><subfield code="d">DLC</subfield><subfield code="d">OCL</subfield><subfield code="d">OCLCQ</subfield></datafield><datafield ind1=" " ind2=" " tag="042"><subfield code="a">msc</subfield></datafield><datafield ind1="1" ind2="0" tag="050"><subfield code="a">NOT IN LC</subfield></datafield><datafield ind1="0" ind2=" " tag="130"><subfield code="a">Franklin times (Louisburg, N.C.)</subfield></datafield><datafield ind1="1" ind2="4" tag="245"><subfield code="a">The Franklin times.</subfield></datafield><datafield ind1="1" ind2="3" tag="246"><subfield code="a">Times</subfield></datafield><datafield ind1=" " ind2=" " tag="260"><subfield code="a">Louisburg, N.C. :</subfield><subfield code="b">James A. Thomas</subfield></datafield><datafield ind1=" " ind2=" " tag="300"><subfield code="a">v. ;</subfield><subfield code="c">58 cm.</subfield></datafield><datafield ind1=" " ind2=" " tag="310"><subfield code="a">Weekly</subfield></datafield><datafield ind1="1" ind2=" " tag="362"><subfield code="a">Began in 1870.</subfield></datafield><datafield ind1=" " ind2=" " tag="500"><subfield code="a">Democratic.</subfield></datafield><datafield ind1=" " ind2=" " tag="588"><subfield code="a">Description based on: Vol. 8, no. 25 (July 24, 1879).</subfield></datafield><datafield ind1=" " ind2=" " tag="752"><subfield code="a">United States</subfield><subfield code="b">North Carolina</subfield><subfield code="c">Franklin</subfield><subfield code="d">Louisburg.</subfield></datafield></record>